<?xml version="1.0" encoding="UTF-8"?>
<collection xmlns="http://www.loc.gov/MARC21/slim">
 <record>
  <leader>01163cam a2200289Ia 4500</leader>
  <controlfield tag="001">8361637</controlfield>
  <controlfield tag="005">20110412094300.0</controlfield>
  <controlfield tag="006">m        d        </controlfield>
  <controlfield tag="007">cr |||||||||||</controlfield>
  <controlfield tag="008">110412s1979    ua a    ob    000 0 eng  </controlfield>
  <datafield tag="035" ind1=" " ind2=" ">
   <subfield code="a">(OCoLC)712149303</subfield>
  </datafield>
  <datafield tag="035" ind1=" " ind2=" ">
   <subfield code="a">8361637</subfield>
  </datafield>
  <datafield tag="040" ind1=" " ind2=" ">
   <subfield code="a">CGU</subfield>
   <subfield code="c">CGU</subfield>
  </datafield>
  <datafield tag="043" ind1=" " ind2=" ">
   <subfield code="a">f-ua---</subfield>
  </datafield>
  <datafield tag="049" ind1=" " ind2=" ">
   <subfield code="a">CGUA</subfield>
  </datafield>
  <datafield tag="050" ind1="0" ind2="0">
   <subfield code="a">DT73.Q77</subfield>
   <subfield code="b">Q77 1979</subfield>
  </datafield>
  <datafield tag="245" ind1="0" ind2="0">
   <subfield code="a">Quseir al-Qadim 1978</subfield>
   <subfield code="h">[electronic resource] :</subfield>
   <subfield code="b">preliminary report /</subfield>
   <subfield code="c">[edited by] Donald S. Whitcomb and Janet H. Johnson.</subfield>
  </datafield>
  <datafield tag="260" ind1=" " ind2=" ">
   <subfield code="a">Cairo :</subfield>
   <subfield code="b">American Research Center in Egypt,</subfield>
   <subfield code="c">1979.</subfield>
  </datafield>
  <datafield tag="300" ind1=" " ind2=" ">
   <subfield code="a">1 online resource (352 p. :</subfield>
   <subfield code="b">ill.)</subfield>
  </datafield>
  <datafield tag="504" ind1=" " ind2=" ">
   <subfield code="a">Includes bibliographical references.</subfield>
  </datafield>
  <datafield tag="651" ind1=" " ind2="0">
   <subfield code="a">Qusayr al-Qadīm (Extinct city)</subfield>
  </datafield>
  <datafield tag="651" ind1=" " ind2="7">
   <subfield code="a">Egypt</subfield>
   <subfield code="z">Qusayr al-Qadīm (Extinct city)</subfield>
   <subfield code="2">fast</subfield>
   <subfield code="0">http://id.worldcat.org/fast/fst01896827</subfield>
  </datafield>
  <datafield tag="700" ind1="1" ind2=" ">
   <subfield code="a">Whitcomb, Donald S.</subfield>
  </datafield>
  <datafield tag="700" ind1="1" ind2=" ">
   <subfield code="a">Johnson, Janet H.</subfield>
  </datafield>
  <datafield tag="776" ind1="0" ind2="8">
   <subfield code="i">Print version:</subfield>
   <subfield code="t">Quseir al-Qadim 1978.</subfield>
   <subfield code="d">Cairo : American Research Center in Egypt, 1979</subfield>
   <subfield code="w">(DLC) 81961431</subfield>
   <subfield code="w">(OCoLC)09464688</subfield>
   <subfield code="w">(ICU)524192</subfield>
  </datafield>
  <datafield tag="856" ind1="4" ind2="0">
   <subfield code="u">http://bibpurl.oclc.org/web/42386</subfield>
  </datafield>
  <datafield tag="928" ind1=" " ind2=" ">
   <subfield code="u">http://bibpurl.oclc.org/web/42386</subfield>
   <subfield code="c">FullText</subfield>
   <subfield code="l">Online</subfield>
   <subfield code="t">LCC</subfield>
   <subfield code="a">DT73.Q77W5</subfield>
  </datafield>
 </record>
</collection>
